<collection xmlns="http://www.loc.gov/MARC21/slim">
<record>
  <leader>01463nam0a2200289 i 450 </leader>
  <controlfield tag="001">IT\ICCU\CNCE\040604</controlfield>
  <controlfield tag="005">20060302000000.0</controlfield>
  <datafield tag="012" ind1=" " ind2=" ">
    <subfield code="a">s.o. s.a. m?ia cotu (3) 1524 (A)</subfield>
    <subfield code="2">fei</subfield>
  </datafield>
  <datafield tag="100" ind1=" " ind2=" ">
    <subfield code="a">19981118d1524        0itac0103    ba</subfield>
  </datafield>
  <datafield tag="101" ind1=" " ind2=" ">
    <subfield code="a">LAT</subfield>
  </datafield>
  <datafield tag="102" ind1=" " ind2=" ">
    <subfield code="a">IT</subfield>
  </datafield>
  <datafield tag="200" ind1="1" ind2=" ">
    <subfield code="a">Breuiarium secundum vsum alme Ecclesie Strigonensis</subfield>
  </datafield>
  <datafield tag="210" ind1=" " ind2=" ">
    <subfield code="a">Venetiis</subfield>
    <subfield code="c">in edibus Petri Liechtenstein</subfield>
    <subfield code="c">Michael Prischwiz librarius Budensis excudi mandauit</subfield>
    <subfield code="d">1524</subfield>
    <subfield code="e">Venetijs</subfield>
    <subfield code="g">in edibus Petri Liechtenstein</subfield>
    <subfield code="g">Michael Prischwiz librarius Budensis ... excudi mandauit</subfield>
    <subfield code="h">1524</subfield>
  </datafield>
  <datafield tag="215" ind1=" " ind2=" ">
    <subfield code="a">\46!, 488, \2! c.</subfield>
    <subfield code="c">ill.</subfield>
    <subfield code="d">8ʻ</subfield>
  </datafield>
  <datafield tag="620" ind1=" " ind2=" ">
    <subfield code="a">IT</subfield>
    <subfield code="d">Venezia</subfield>
  </datafield>
  <datafield tag="710" ind1="0" ind2="2">
    <subfield code="a">Esztergom</subfield>
    <subfield code="c"> &lt;Arcidiocesi&gt;</subfield>
    <subfield code="3">IT\ICCU\CNCT\005100</subfield>
  </datafield>
  <datafield tag="712" ind1="0" ind2="0">
    <subfield code="a">Liechtenstein, Peter</subfield>
    <subfield code="3">IT\ICCU\CNCT\000403</subfield>
    <subfield code="4">650</subfield>
  </datafield>
  <datafield tag="712" ind1="0" ind2="0">
    <subfield code="a">Prischwicz, Michael</subfield>
    <subfield code="3">IT\ICCU\CNCT\003122</subfield>
    <subfield code="4">650</subfield>
  </datafield>
  <datafield tag="791" ind1="0" ind2="2">
    <subfield code="a">Ecclesia Strigoniensis</subfield>
    <subfield code="3">15516</subfield>
    <subfield code="z">Esztergom &lt;Arcidiocesi&gt;</subfield>
  </datafield>
  <datafield tag="791" ind1="0" ind2="2">
    <subfield code="a">Strigonia</subfield>
    <subfield code="3">15522</subfield>
    <subfield code="z">Esztergom &lt;Arcidiocesi&gt;</subfield>
  </datafield>
  <datafield tag="791" ind1="0" ind2="2">
    <subfield code="a">Gran</subfield>
    <subfield code="c"> &lt;Arcidiocesi&gt;</subfield>
    <subfield code="3">19417</subfield>
    <subfield code="z">Esztergom &lt;Arcidiocesi&gt;</subfield>
  </datafield>
  <datafield tag="791" ind1="0" ind2="0">
    <subfield code="a">Lucidus Lapis, Petrus</subfield>
    <subfield code="3">IT\ICCU\CNCT\004962</subfield>
    <subfield code="z">Liechtenstein, Peter</subfield>
  </datafield>
  <datafield tag="791" ind1="0" ind2="0">
    <subfield code="a">Prischwiz, Michael</subfield>
    <subfield code="3">IT\ICCU\CNCT\005518</subfield>
    <subfield code="z">Prischwicz, Michael</subfield>
  </datafield>
  <datafield tag="791" ind1="0" ind2="0">
    <subfield code="a">Prischwitz, Michael</subfield>
    <subfield code="3">IT\ICCU\CNCT\005520</subfield>
    <subfield code="z">Prischwicz, Michael</subfield>
  </datafield>
  <datafield tag="801" ind1=" " ind2="3">
    <subfield code="a">IT</subfield>
    <subfield code="b">ICCU</subfield>
    <subfield code="c">20201114</subfield>
  </datafield>
  <datafield tag="899" ind1=" " ind2=" ">
    <subfield code="a">Biblioteca nazionale Braidense. Milano</subfield>
    <subfield code="z">MUTILO</subfield>
    <subfield code="1">MI0185</subfield>
    <subfield code="2">MIL NB</subfield>
  </datafield>
  <datafield tag="921" ind1=" " ind2=" ">
    <subfield code="a">IT\ICCU\CNCM\001215</subfield>
    <subfield code="b">Iniziali M.P. sormontate da stella. In cornice.</subfield>
    <subfield code="c">U223</subfield>
    <subfield code="d">Dimensini: 1,7 x 2,1</subfield>
    <subfield code="f">MP</subfield>
    <subfield code="f">INIZIALI</subfield>
    <subfield code="g">1524</subfield>
  </datafield>
</record>
</collection>
